@string{angl    = {Ann.\ Glaciol.}}
@string{arfm  = {Annu.~Rev.~Fluid Mech.}}
@string{bams  = {Bull.~Am.~Met.~Soc.}}
@string{blm = {Bound.~Layer~Meteorol.}}
@string{climd = {Clim.~Dynamics}}
@string{cch     = {Clim.\ Change}}
@string{cup = {Cambridge University Press}}
@string{dao     = {Dyn.~Atmos.~Oceans}}
@string{dkrz  = {Deutsches Klimarechenzentrum (DKRZ)}}
@string{dnmi  = {The Norwegian Meteorological Institute (DNMI)}}
@string{dsr = {Deep Sea Res.}}
@string{ecmwf = {ECMWF}}
@string{eos     = {Eos~Trans.\ AGU}}
@string{esa = {European Space Agency (ESA)}}
@string{esapub  = {ESA Publications Division, ESTEC, Noordwijk (NL)}}
@string{estec = {European Space Research and Technology Centre (ESTEC)}}
@string{gaos  = {Global Atmos.~Ocean System}}
@string{gmd  = {Geoscientific Model Development}}
@string{grl = {Geophys.~Res.~Lett.}}
@string{ieee  = {IEEE Trans.~Geosci. Remote Sensing}}
@string{ifremer = {IFREMER/CERSAT}}
@string{igarss  = {IEEE Press, Piscataway, N.J., USA}}
@string{jam = {J.~Appl.~Meteor.}}
@string{jaot  = {J.~Atmos.~Ocean.~Technol.}}
@string{jas = {J.~Atmos.~Sci.}}
@string{jclim = {J.~Clim.}}
@string{jcp = {J.~Comput.~Phys.}}
@string{jfm = {J.~Fluid Mech.}}
@string{jgr = {J.~Geophys.~Res.}}
@string{jgra = {J.~Geophys.~Res. Atmospheres}}
@string{jgro = {J.~Geophys.~Res. Oceans}}
@string{joss = {Journal of Open Source Software}}
@string{ijrs  = {Int.~J.~Remote Sensing}}
@string{jms = {J.~Mar.~Sys.}}
@string{jmet = {J.~Meteor.}}
@string{jpo = {J.~Phys.~Oceanogr.}}
@string{mpi = {MPI f\"ur Meteorologie}}
@string{mcp = {Meth. Comput. Phys.}}
@string{mwr     = {Mon.~Wea.~Rev.}}
@string{om  = {Ocean Modelling}}
@string{os  = {Ocean Science}}
@string{ocn  = {Oceanography}}
@string{pf = {Physics of Fluids}}
@string{pd = {Physica D.}}
@string{ptrsl   = {{Phil.~Trans.~R.~Soc.~Lond.}}}
@string{rgsp = {{Rev.~Geophys.~Space~Phys.}}}
@string{qjrms   = {{Q.~J.~R.~Meteorol.~Soc.}}}
@string{siscicom= {SIAM J.\ Sci.\ Comput.}}
@string{tel = {Tellus}}

@Article{gmd-13-1845-2020,
AUTHOR = {Logan, L. C. and Narayanan, S. H. K. and Greve, R. and Heimbach, P.},
TITLE = {SICOPOLIS-AD v1: an open-source adjoint modeling framework for ice sheet simulation enabled by the algorithmic differentiation tool OpenAD},
JOURNAL = gmd,
VOLUME = {13},
YEAR = {2020},
NUMBER = {4},
PAGES = {1845--1864},
URL = {https://gmd.copernicus.org/articles/13/1845/2020/},
DOI = {10.5194/gmd-13-1845-2020}
}


