@string{actamat  = {{Acta Materialia}}}
@string{asr      = {{Advances in Space Research}}}
@string{anngeo   = {{Annales Geophysicae}}}
@string{aog      = {{Annals of Glaciology}}}
@string{arepc    = {{Annual Review of Earth and Planetary Sciences}}}
@string{amr      = {{Applied Mechanics Reviews}}}
@string{arxiv    = {{ArXiv E-Prints}}}
@string{baas     = {{Bulletin of the American Astronomical Society}}}
@string{bams     = {{Bulletin of the American Meteorological Society}}}
@string{bgr      = {{Bulletin of Glaciological Research}}}
@string{canesci  = {{Canadian Journal of Earth Sciences}}}
@string{canjphys = {{Canadian Journal of Physics}}}
@string{cejg     = {{Central European Journal of Geosciences}}}
@string{cdyn     = {{Climate Dynamics}}}
@string{cp       = {{Climate of the Past}}}
@string{cpd      = {{Climate of the Past Discussions}}}
@string{cc       = {{Climatic Change}}}
@string{crst     = {{Cold Regions Science and Technology}}}
@string{cee      = {{Communications Earth \& Environment}}}
@string{crphys   = {{Comptes Rendus Physique}}}
@string{cmatsci  = {{Computational Materials Science}}}
@string{cscieng  = {{Computational Science and Engineering}}}
@string{cmame    = {{Computer Methods in Applied Mechanics and Engineering}}}
@string{cg       = {{Computers \& Geosciences}}}
@string{cmt      = {{Continuum Mechanics and Thermodynamics}}}
@string{epsl     = {{Earth and Planetary Science Letters}}}
@string{espl     = {{Earth Surface Processes and Landforms}}}
@string{esd      = {{Earth System Dynamics}}}
@string{essd     = {{Earth System Science Data}}}
@string{egusph   = {{EGUsphere}}},
@string{erl      = {{Environmental Research Letters}}}
@string{eos      = {{Eos, Transactions, American Geophysical Union}}}
@string{gammmit  = {{GAMM-Mitteilungen}}}
@string{geo3     = {{Geochemistry, Geophysics, Geosystems}}}
@string{geoj     = {{GeoJournal}}}
@string{geomorph = {{Geomorphology}}}
@string{gafd     = {{Geophysical \& Astrophysical Fluid Dynamics}}}
@string{gji      = {{Geophysical Journal International}}}
@string{gmd      = {{Geoscientific Model Development}}}
@string{gmdd     = {{Geoscientific Model Development Discussions}}}
@string{gra      = {{Geophysical Research Abstracts}}}
@string{grl      = {{Geophysical Research Letters}}}
@string{gcb      = {{Global Change Biology}}}
@string{gpc      = {{Global and Planetary Change}}}
@string{icarus   = {{Icarus}}}
@string{ijnamg   = {{International Journal for Numerical and Analytical Methods in Geomechanics}}}
@string{intjclim = {{International Journal of Climatology}}}
@string{intjplas = {{International Journal of Plasticity}}}
@string{james    = {{Journal of Advances in Modeling Earth Systems}}}
@string{jappmet  = {{Journal of Applied Meteorology}}}
@string{jclim    = {{Journal of Climate}}}
@string{jclimat  = {{Journal of Climatology}}}
@string{jcp      = {{Journal of Computational Physics}}}
@string{jgr      = {{Journal of Geophysical Research}}}
@string{jgrb     = {{Journal of Geophysical Research: Solid Earth}}}
@string{jgrc     = {{Journal of Geophysical Research: Oceans}}}
@string{jgrd     = {{Journal of Geophysical Research: Atmospheres}}}
@string{jgre     = {{Journal of Geophysical Research: Planets}}}
@string{jgrf     = {{Journal of Geophysical Research: Earth Surface}}}
@string{jog      = {{Journal of Glaciology}}}
@string{jhydr    = {{Journal of Hydrology}}}
@string{jmps     = {{Journal of the Mechanics and Physics of Solids}}}
@string{jnnfm    = {{Journal of Non-Newtonian Fluid Mechanics}}}
@string{joss     = {{Journal of Open Source Software}}}
@string{jpcrf    = {{Journal of Physical and Chemical Reference Data}}}
@string{jpc      = {{Journal of Physical Chemistry}}}
@string{jquatsci = {{Journal of Quaternary Science}}}
@string{jrheol   = {{Journal of Rheology}}}
@string{lts      = {{Low Temperature Science}}}
@string{mmnp     = {{Mathematical Modelling of Natural Phenomena}}}
@string{mmmas    = {{Mathematical Models and Methods in Applied Sciences}}}
@string{matpr    = {{Mathematical Programming}}}
@string{metz     = {{Meteorologische Zeitschrift}}}
@string{nature   = {{Nature}}}
@string{natcc    = {{Nature Climate Change}}}
@string{natcom   = {{Nature Communications}}}
@string{natgeo   = {{Nature Geoscience}}}
@string{natrevee = {{Nature Reviews Earth \& Environment}}}
@string{ocmod    = {{Ocean Modelling}}}
@string{palocean = {{Paleoceanography}}}
@string{palclim  = {{Paleoclimates: Data and Modelling}}}
@string{ptrsa    = {{Philosophical Transactions of the Royal Society A}}}
@string{pss      = {{Planetary and Space Science}}}
@string{pdj      = {{Polar Data Journal}}}
@string{pmg      = {{Polar Meteorology and Glaciology}}}
@string{polsci   = {{Polar Science}}}
@string{pf       = {{Polarforschung}}}
@string{pamm     = {{Proceedings in Applied Mathematics and Mechanics}}}
@string{pnas     = {{Proceedings of the National Academy of Sciences of the United States of America}}}
@string{prsa     = {{Proceedings of the Royal Society A}}}
@string{promet   = {{Promet}}}
@string{pac      = {{Pure and Applied Chemistry}}}
@string{qres     = {{Quaternary Research}}}
@string{qsr      = {{Quaternary Science Reviews}}}
@string{remsens  = {{Remote Sensing}}}
@string{revgeo   = {{Reviews of Geophysics}}}
@string{science  = {{Science}}}
@string{sciadv   = {{Science Advances}}}
@string{sciencex = {{Sciencexpress}}}
@string{scidrill = {{Scientific Drilling}}}
@string{scrmat   = {{Scripta Materialia}}}
@string{ssr      = {{Space Science Reviews}}}
@string{sg       = {{Surveys in Geophysics}}}
@string{tellus   = {{Tellus}}}
@string{ternov   = {{Terra Nova}}}
@string{tc       = {{The Cryosphere}}}
@string{tcd      = {{The Cryosphere Discussions}}}
@string{tac      = {{Theoretical and Applied Climatology}}}
@string{zamp     = {{Zeitschrift f\"{u}r angewandte Mathematik und Physik}}}
@string{zgeolw   = {{Zeitschrift f\"{u}r Geologische Wissenschaften}}}
@string{zglac    = {{Zeitschrift f\"{u}r Gletscherkunde und Glazialgeologie}}}

@incollection{arakawa_lamb_1977,
  author    = {Arakawa, A. and Lamb, V. R.},
  title     = {Computational design of the basic dynamical processes
              of the {UCLA} general circulation model},
  booktitle = {Methods in Computational Physics Vol.~17},
  editor    = {Chang, J.},
  publisher = {Academic Press},
  address   = {New York, NY, USA},
  pages     = {173-265},
  doi       = {10.1016/B978-0-12-460817-7.50009-4},
  year      = {1977}
}

@article{bamber_etal_2013a,
  author  = {Bamber, J. L. and Griggs, J. A. and Hurkmans, R. T. W. L.
            and Dowdeswell, J. A. and Gogineni, S. P. and Howat, I.
            and Mouginot, J. and Paden, J. and Palmer, S. and Rignot, E.
            and Steinhage, D.},
  title   = {A new bed elevation dataset for {Greenland}},
  journal = tc,
  volume  = {7},
  number  = {2},
  pages   = {499-510},
  doi     = {10.5194/tc-7-499-2013},
  year    = {2013}
}

@article{bernales_etal_2017a,
  author  = {Bernales, J. and Rogozhina, I. and Greve, R.
            and Thomas, M.},
  title   = {Comparison of hybrid schemes for the combination of shallow
            approximations in numerical simulations of the
            {Antarctic Ice Sheet}},
  journal = tc,
  volume  = {11},
  number  = {1},
  pages   = {247-265},
  doi     = {10.5194/tc-11-247-2017},
  year    = {2017}
}

@article{bernales_etal_2017b,
  author  = {Bernales, J. and Rogozhina, I. and Thomas, M.},
  title   = {Melting and freezing under {Antarctic} ice shelves from a
            combination of ice-sheet modelling and observations},
  journal = jog,
  volume  = {63},
  number  = {240},
  pages   = {731-744},
  doi     = {10.1017/jog.2017.42},
  year    = {2017}
}

@book{bronshtein_etal_2015,
  author    = {Bronshtein, I. N. and Semendyayev, K. A. and Musiol, G.
              and M\"{u}hlig, H.},
  title     = {Handbook of Mathematics},
  publisher = {Springer},
  address   = {Berlin, Germany etc.},
  edition   = {6th},
  doi       = {10.1007/978-3-662-46221-8},
  year      = {2015}
}

@incollection{budd_jenssen_1987,
  author    = {Budd, W. F. and Jenssen, D.},
  title     = {Numerical modelling of the large-scale basal water flux under
              the {West Antarctic} ice sheet},
  booktitle = {Dynamics of the West Antarctic Ice Sheet},
  editor    = {van der Veen, C. J. and Oerlemans, J.},
  publisher = {D. Reidel Publishing Company},
  address   = {Dordrecht, The Netherlands},
  pages     = {293-320},
  year      = {1987}
}

@article{budd_etal_1979,
  author  = {Budd, W. F. and Keage, P. L. and Blundy, N. A.},
  title   = {Empirical studies of ice sliding},
  journal = jog,
  volume  = {23},
  number  = {89},
  pages   = {157-170},
  doi     = {10.3189/S0022143000029804},
  year    = {1979}
}

@article{calov_etal_2010,
  author  = {Calov, R. and Greve, R. and Abe-Ouchi, A. and Bueler, E.
            and Huybrechts, P. and Johnson, J. V. and Pattyn, F.
            and Pollard, D. and Ritz, C. and Saito, F. and Tarasov, L.},
  title   = {Results from the {Ice-Sheet Model Intercomparison Project} --
            {Heinrich Event INtercOmparison (ISMIP HEINO)}},
  journal = jog,
  volume  = {56},
  number  = {197},
  pages   = {371-383},
  doi     = {10.3189/002214310792447789},
  year    = {2010}
}

@article{calov_etal_2018,
  author  = {Calov, R. and Beyer, S. and Greve, R. and Beckmann, J.
            and Willeit, M. and Kleiner, T. and R\"uckamp, M.
            and Humbert, A. and Ganopolski, A.},
  title   = {Simulation of the future sea level contribution of
            {Greenland} with a new glacial system model},
  journal = tc,
  volume  = {12},
  number  = {10},
  pages   = {3097-3121},
  doi     = {10.5194/tc-12-3097-2018},
  year    = {2018}
}

@article{dunse_etal_2011,
  author  = {Dunse, T. and Greve, R. and Schuler, T. V.
            and Hagen, J. O.},
  title   = {Permanent fast flow versus cyclic surge behaviour:
            numerical simulations of the {Austfonna} ice cap,
            {Svalbard}},
  journal = jog,
  volume  = {57},
  number  = {202},
  pages   = {247-259},
  doi     = {10.3189/002214311796405979},
  year    = {2011}
}

@article{durham_etal_1997a,
  author  = {Durham, W. B. and Kirby, S. H. and Stern, L. A.},
  title   = {Creep of water ices at planetary conditions: A compilation},
  journal = jgre,
  volume  = {102},
  number  = {E7},
  pages   = {16293-16302},
  doi     = {10.1029/97JE00916},
  year    = {1997}
}

@article{gaikwad_etal_2023,
  author  = {Gaikwad, S. S. and Hascoet, L. and Narayanan, S. H. K.
            and Curry-Logan, L. and Greve, R. and Heimbach, P.},
  title   = {{SICOPOLIS-AD} v2: tangent linear and adjoint modeling framework
            for ice sheet modeling enabled by automatic differentiation tool
            {Tapenade}},
  journal = joss,
  volume  = {8},
  number  = {83},
  pages   = {4679},
  doi     = {10.21105/joss.04679},
  year    = {2023}
}

@article{glen_1955,
  author  = {Glen, J. W.},
  title   = {The creep of polycrystalline ice},
  journal = prsa,
  volume  = {228},
  number  = {1175},
  pages   = {519-538},
  doi     = {10.1098/rspa.1955.0066},
  year    = {1955}
}

@article{goelzer_etal_2020,
  author  = {Goelzer, H. and Nowicki, S. and Payne, A. and Larour, E.
            and Seroussi, H. and Lipscomb, W. H. and Gregory, J.
            and Abe-Ouchi, A. and Shepherd, A. and Simon, E. and Agosta, C.
            and Alexander, P. and Aschwanden, A. and Barthel, A. and Calov, R.
            and Chambers, C. and Choi, Y. and Cuzzone, J. and Dumas, C.
            and Edwards, T. and Felikson, D. and Fettweis, X.
            and Golledge, N. R. and Greve, R. and Humbert, A.
            and Huybrechts, P. and Le clec'h, S. and Lee, V. and Leguy, G.
            and Little, C. and Lowry, D. P. and Morlighem, M. and Nias, I.
            and Quiquet, A. and R\"uckamp, M. and Schlegel, N.-J.
            and Slater, D. and Smith, R. and Straneo, F. and Tarasov, L.
            and van de Wal, R. and van den Broeke, M.},
  title   = {The future sea-level contribution of the {Greenland} ice sheet:
            a multi-model ensemble study of {ISMIP6}},
  journal = tc,
  volume  = {14},
  number  = {9},
  pages   = {3071-3096},
  doi     = {10.5194/tc-14-3071-2020},
  year    = {2020}
}

@article{goldsby_kohlstedt_1997,
  author  = {Goldsby, D. L. and Kohlstedt, D. L.},
  title   = {Grain boundary sliding in fine-grained ice~{I}},
  journal = scrmat,
  volume  = {37},
  number  = {9},
  pages   = {1399-1406},
  doi     = {10.1016/S1359-6462(97)00246-7},
  year    = {1997}
}

@article{goldsby_kohlstedt_2001,
  author  = {Goldsby, D. L. and Kohlstedt, D. L.},
  title   = {Superplastic deformation of ice: Experimental observations},
  journal = jgrb,
  volume  = {106},
  number  = {B6},
  pages   = {11017-11030},
  doi     = {10.1029/2000JB900336},
  year    = {2001}
}

@article{greve_1997a,
  author  = {Greve, R.},
  title   = {A continuum-mechanical formulation for shallow polythermal
            ice sheets},
  journal = ptrsa,
  volume  = {355},
  number  = {1726},
  pages   = {921-974},
  doi     = {10.1098/rsta.1997.0050},
  year    = {1997}
}

@article{greve_1997b,
  author  = {Greve, R.},
  title   = {Application of a polythermal three-dimensional ice sheet
            model to the {Greenland} ice sheet: Response to steady-state
            and transient climate scenarios},
  journal = jclim,
  volume  = {10},
  number  = {5},
  pages   = {901-918},
  doi     = {10.1175/1520-0442(1997)010<0901:AOAPTD>2.0.CO;2},
  year    = {1997}
}

@incollection{greve_2001,
  author    = {Greve, R.},
  title     = {Glacial isostasy: Models for the response of the {Earth} to
              varying ice loads},
  booktitle = {Continuum Mechanics and Applications in Geophysics and the
              Environment},
  editor    = {Straughan, B. and Greve, R. and Ehrentraut, H. and Wang, Y.},
  publisher = {Springer},
  address   = {Berlin, Germany etc.},
  pages     = {307-325},
  doi       = {10.1007/978-3-662-04439-1_16},
  year      = {2001}
}

@inproceedings{greve_2004,
  author    = {Greve, R.},
  title     = {Evolution and dynamics of the {Greenland} ice sheet over
              past glacial-interglacial cycles and in future climate-warming
              scenarios},
  booktitle = {Proceedings of the 5th International Workshop on Global Change:
              Connection to the {Arctic (GCCA5)}},
  publisher = {University of Tsukuba, Japan},
  pages     = {42-45},
  url       = {https://hdl.handle.net/2115/30204},
  year      = {2004}
}

@article{greve_2005,
  author  = {Greve, R.},
  title   = {Relation of measured basal temperatures and the
            spatial distribution of the geothermal heat flux
            for the {Greenland} ice sheet},
  journal = aog,
  volume  = {42},
  pages   = {424-432},
  doi     = {10.3189/172756405781812510},
  year    = {2005}
}

@misc{greve_2006e,
  author       = {Greve, R.},
  title        = {Large-scale simulation of the {Antarctic} ice sheet over
                 climate cycles},
  howpublished = {Hokkaido University Collection of Scholarly and Academic
                 Papers (HUSCAP)},
  url          = {https://hdl.handle.net/2115/34433},
  year         = {2006}
}

@article{greve_2007b,
  author  = {Greve, R.},
  title   = {The polar ice caps of {Mars}},
  journal = lts,
  volume  = {66},
  pages   = {139-148},
  url     = {https://hdl.handle.net/2115/34722},
  year    = {2007}
}

@book{greve_blatter_2009,
  author    = {Greve, R. and Blatter, H.},
  title     = {Dynamics of Ice Sheets and Glaciers},
  publisher = {Springer},
  address   = {Berlin, Germany etc.},
  isbn      = {978-3-642-03414-5},
  doi       = {10.1007/978-3-642-03415-2},
  year      = {2009}
}

@article{greve_blatter_2016,
  author  = {Greve, R. and Blatter, H.},
  title   = {Comparison of thermodynamics solvers in the polythermal
            ice sheet model {SICOPOLIS}},
  journal = polsci,
  volume  = {10},
  number  = {1},
  pages   = {11-23},
  doi     = {10.1016/j.polar.2015.12.004},
  year    = {2016}
} 

@article{greve_herzfeld_2013,
  author  = {Greve, R. and Herzfeld, U. C.},
  title   = {Resolution of ice streams and outlet glaciers in large-scale
            simulations of the {Greenland} ice sheet},
  journal = aog,
  volume  = {54},
  number  = {63},
  pages   = {209-220},
  doi     = {10.3189/2013AoG63A085},
  year    = {2013}
}

@article{greve_otsu_2007-discuss,
  author  = {Greve, R. and Otsu, S.},
  title   = {The effect of the north-east ice stream on the {Greenland}
            ice sheet in changing climates},
  journal = tcd,
  volume  = {1},
  pages   = {41-76},
  doi     = {10.5194/tcd-1-41-2007},
  year    = {2007}
}

@article{greve_etal_1999a,
  author  = {Greve, R. and Wyrwoll, K.-H. and Eisenhauer, A.},
  title   = {Deglaciation of the {Northern Hemisphere} at the onset of the
            {Eemian} and {Holocene}},
  journal = aog,
  volume  = {28},
  pages   = {1-8},
  doi     = {10.3189/172756499781821643},
  year    = {1999}
}

@article{greve_etal_2017a,
  author  = {Greve, R. and Calov, R. and Herzfeld, U. C.},
  title   = {Projecting the response of the {Greenland} ice sheet
            to future climate change with the ice sheet model
            {SICOPOLIS}},
  journal = lts,
  volume  = {75},
  pages   = {117-129},
  doi     = {10.14943/lowtemsci.75.117},
  year    = {2017}
}

@article{huybrechts_etal_1996,
  author  = {Huybrechts, P. and Payne, A. J. and
            {EISMINT Intercomparison Group}},
  title   = {The {EISMINT} benchmarks for testing ice-sheet models},
  journal = aog,
  volume  = {23},
  pages   = {1-12},
  doi     = {10.3189/S0260305500013197},
  year    = {1996}
}

@article{lebrocq_etal_2006,
  author  = {Le Brocq, A. M. and Payne,  A. J. and Siegert, M. J.},
  title   = {{West Antarctic} balance calculations:
            impact of flux-routing algorithm, smoothing algorithm
            and topography},
  journal = cg,
  volume  = {32},
  number  = {10},
  pages   = {1780-1795},
  doi     = {10.1016/j.cageo.2006.05.003},
  year    = {2006}
}

@article{lebrocq_etal_2009,
  author  = {Le Brocq, A. M. and Payne,  A. J. and Siegert, M. J.
            and Alley, R. B.},
  title   = {A subglacial water-flow model for {West Antarctica}},
  journal = jog,
  volume  = {55},
  number  = {193},
  pages   = {879-888},
  doi     = {10.3189/002214309790152564},
  year    = {2009}
}

@article{lemeur_huy_1996,
  author  = {Le Meur, E. and Huybrechts, P.},
  title   = {A comparison of different ways of dealing with isostasy:
            examples from modelling the {Antarctic} ice sheet during the
            last glacial cycle},
  journal = aog,
  volume  = {23},
  pages   = {309-317},
  doi     = {10.3189/S0260305500013586},
  year    = {1996}
}

@article{logan_etal_2020,
  author  = {Logan, L. C. and Narayanan, S. H. K. and Greve, R.
            and Heimbach, P.},
  title   = {{SICOPOLIS-AD} v1: an open-source adjoint modeling framework for
            ice sheet simulation enabled by the algorithmic differentiation
            tool {OpenAD}},
  journal = gmd,
  volume  = {13},
  number  = {4},
  pages   = {1845-1864},
  doi     = {10.5194/gmd-13-1845-2020},
  year    = {2020}
}

@incollection{nishida_2010,
  author    = {Nishida, Akira},
  title     = {Experience in developing an open source scalable software
              infrastructure in {Japan}},
  booktitle = {Computational Science and Its Applications -- ICCSA 2010},
  editor    = {Taniar, David and Gervasi, Osvaldo and Murgante, Beniamino
              and Pardede, Eric and Apduhan, Bernady O.},
  publisher = {Springer},
  series    = {Lecture Notes in Computer Science 6017},
  address   = {Berlin, Heidelberg},
  pages     = {448-462},
  doi       = {10.1007/978-3-642-12165-4_36},
  year      = {2010}
}

@article{nye_1957,
  author  = {Nye, J. F.},
  title   = {The distribution of stress and velocity in glaciers and ice
            sheets},
  journal = prsa,
  volume  = {239},
  number  = {1216},
  pages   = {113-133},
  doi     = {10.1098/rspa.1957.0026},
  year    = {1957}
}

@article{payne_etal_2000,
  author  = {Payne, A. J. and Huybrechts, P. and Abe-Ouchi, A. and Calov, R.
            and Fastook, J. L. and Greve, R. and Marshall, S. J.
            and Marsiat, I. and Ritz, C. and Tarasov, L.
            and Thomassen, M. P. A.},
  title   = {Results from the {EISMINT} model intercomparison: the effects of
            thermomechanical coupling},
  journal = jog,
  volume  = {46},
  number  = {153},
  pages   = {227-238},
  doi     = {10.3189/172756500781832891},
  year    = {2000}
}

@article{robin_1955,
  author  = {Robin, {G. de Q.}},
  title   = {Ice movement and temperature distribution in glaciers and
            ice sheets},
  journal = jog,
  volume  = {2},
  number  = {18},
  pages   = {523-532},
  doi     = {10.3198/1955JoG2-18-523-532},
  year    = {1955}
}

@article{sato_greve_2012,
  author  = {Sato, T. and Greve, R.},
  title   = {Sensitivity experiments for the {Antarctic} ice sheet with
            varied sub-ice-shelf melting rates},
  journal = aog,
  volume  = {53},
  number  = {60},
  pages   = {221-228},
  doi     = {10.3189/2012AoG60A042},
  year    = {2012}
}

@article{seroussi_etal_2020,
  author  = {Seroussi, H. and Nowicki, S. and Payne, A. J. and Goelzer, H.
            and Lipscomb, W. H. and Abe-Ouchi, A. and Agosta, C.
            and Albrecht, T. and Asay-Davis, X. and Barthel, A. and Calov, R.
            and Cullather, R. and Dumas, C. and Galton-Fenzi, B. K.
            and Gladstone, R. and Golledge, N. and Gregory, J. M. and Greve, R.
            and Hatterman, T. and Hoffman, M. J. and Humbert, A.
            and Huybrechts, P. and Jourdain, N. C. and Kleiner, T.
            and Larour, E. and Leguy, G. R. and Lowry, D. P. and Little, C. M.
            and Morlighem, M. and Pattyn, F. and Pelle, T. and Price, S. F.
            and Quiquet, A. and Reese, R. and Schlegel, N.-J. and Shepherd, A.
            and Simon, E. and Smith, R. S. and Straneo, F. and Sun, S.
            and Trusel, L. D. and Van Breedam, J. and van de Wal, R. S. W.
            and Winkelmann, R. and Zhao, C. and Zhang, T. and Zwinger, T.},
  title   = {{ISMIP6 Antarctica}: a multi-model ensemble of the
            {Antarctic} ice sheet evolution over the 21st century},
  journal = tc,
  volume  = {14},
  number  = {9},
  pages   = {3033-3070},
  doi     = {10.5194/tc-14-3033-2020},
  year    = {2020}
}

@article{smith_morland_1981,
  author  = {Smith, G. D. and Morland,  L. W.},
  title   = {Viscous relations for the steady creep of polycrystalline ice},
  journal = crst,
  volume  = {5},
  number  = {2},
  pages   = {141-150},
  doi     = {10.1016/0165-232X(81)90048-3},
  year    = {1981}
}

@incollection{vialov_1958,
  author    = {Vialov, S. S.},
  title     = {Regularities of glacial shields movement and the theory
              of plastic viscous flow},
  booktitle = {Physics of the Motion of Ice},
  publisher = {IAHS Press},
  address   = {Wallingford, UK},
  series    = {IAHS Publication No.~47},
  pages     = {266-275},
  year      = {1958}
}

@article{weertman_1957a,
  author  = {Weertman, J.},
  title   = {On the sliding of glaciers},
  journal = jog,
  volume  = {3},
  number  = {21},
  pages   = {33-38},
  doi     = {10.3189/S0022143000024709},
  year    = {1957}
}
