@article{gmd-13-1845-2020,
AUTHOR = {Logan, L. C. and Narayanan, S. H. K. and Greve, R. and Heimbach, P.},
TITLE = {SICOPOLIS-AD v1: an open-source adjoint modeling framework for ice sheet simulation enabled by the algorithmic differentiation tool OpenAD},
JOURNAL = {Geoscientific Model Development},
VOLUME = {13},
YEAR = {2020},
NUMBER = {4},
PAGES = {1845--1864},
URL = {https://gmd.copernicus.org/articles/13/1845/2020/},
DOI = {10.5194/gmd-13-1845-2020}
}

@article{Schinko_2020,
DOI = {10.1088/2515-7620/ab6368},
URL = {https://doi.org/10.1088/2515-7620/ab6368},
YEAR = 2020,
MONTH = {jan},
PUBLISHER = {{IOP} Publishing},
VOLUME = {2},
NUMBER = {1},
PAGES = {015002},
AUTHOR = {Thomas Schinko and Laurent Drouet and Zoi Vrontisi and Andries Hof and Jochen Hinkel and Junko Mochizuki and Valentina Bosetti and Kostas Fragkiadakis and Detlef van Vuuren and Daniel Lincke},
TITLE = {Economy-wide effects of coastal flooding due to sea level rise: a multi-model simultaneous treatment of mitigation, adaptation, and residual impacts},
JOURNAL = {Environmental Research Communications},
}

@article{Hascoet2013TTA,
journal = "{ACM} Transactions on Mathematical Software",
url = "http://dx.doi.org/10.1145/2450153.2450158",
author = "Hasco{\"e}t, L. and Pascual, V.",
title = "The {T}apenade Automatic Differentiation tool: {P}rinciples, Model, and
  Specification",
volume = "39",
number = "3",
pages = "20:1--20:43",
ad_tools = "TAPENADE",
ad_theotech = "Adjoint, Checkpointing, control-flow reversal, Data Flow Analysis, data-flow
  reversal, Implementation Strategies, Reverse Mode, Source transformation, Static Analysis",
year = "2013"
}

@article{greve2009dynamics,
  doi = {10.1007/978-3-642-03415-2},
  url = {https://doi.org/10.1007/978-3-642-03415-2},
  title={Dynamics of Ice Sheets and Glaciers},
  author={Greve, Ralf and Blatter, Heinz},
  journal={Dynamics of Ice Sheets and Glaciers by Ralf Greve},
  year={2009}
}

@article{greve1997application,
  doi={10.1175/1520-0442(1997)010<0901:AOAPTD>2.0.CO;2},
  title={Application of a polythermal three-dimensional ice sheet model to the Greenland ice sheet: response to steady-state and transient climate scenarios},
  author={Greve, Ralf},
  journal={Journal of Climate},
  volume={10},
  number={5},
  pages={901--918},
  year={1997}
}

@article{greve2011initial,
  doi = {10.3189/172756411797252068},
  title={Initial results of the SeaRISE numerical experiments with the models SICOPOLIS and IcIES for the Greenland ice sheet},
  author={Greve, Ralf and Saito, Fuyuki and Abe-Ouchi, Ayako},
  journal={Annals of Glaciology},
  volume={52},
  number={58},
  pages={23--30},
  year={2011},
  publisher={Cambridge University Press}
}

@article{heimbach2009greenland,
  doi={10.3189/172756409789624256},
  title={Greenland ice-sheet volume sensitivity to basal, surface and initial conditions derived from an adjoint model},
  author={Heimbach, Patrick and Bugnion, Veronique},
  journal={Annals of Glaciology},
  volume={50},
  number={52},
  pages={67--80},
  year={2009},
  publisher={Cambridge University Press}
}

@article { WhatIsanAdjointModel,
author = "Ronald M. Errico",
title = "What Is an Adjoint Model?",
journal = "Bulletin of the American Meteorological Society",
year = "1997",
publisher = "American Meteorological Society",
address = "Boston MA, USA",
volume = "78",
number = "11",
doi = "10.1175/1520-0477(1997)078<2577:WIAAM>2.0.CO;2",
pages=      "2577 - 2592",
url = "https://journals.ametsoc.org/view/journals/bams/78/11/1520-0477_1997_078_2577_wiaam_2_0_co_2.xml"
}

@article{hascoetTAP,
  TITLE = {{The Tapenade Automatic Differentiation tool: principles, model, and specification}},
  AUTHOR = {Hascoet, Laurent and Pascual, Val{\'e}rie},
  URL = {https://hal.inria.fr/hal-00913983},
  JOURNAL = {{ACM Transactions on Mathematical Software}},
  HAL_LOCAL_REFERENCE = {RR-7957},
  PUBLISHER = {{Association for Computing Machinery}},
  VOLUME = {39},
  NUMBER = {3},
  YEAR = {2013},
  DOI = {10.1145/2450153.2450158},
  KEYWORDS = {Algorithmic Differentiation ; Source transformation ; Adjoint compiler},
  PDF = {https://hal.inria.fr/hal-00913983/file/tapenadeRefV2.pdf},
  HAL_ID = {hal-00913983},
  HAL_VERSION = {v1},
}

@book{van2013fundamentals,
  doi={10.3189/2014JoG13J214},
  title={Fundamentals of glacier dynamics},
  author={Van der Veen, Cornelis J},
  year={2013},
  publisher={CRC press}
}

@article{checkpointing,
author = { Andreas   Griewank },
title = {Achieving logarithmic growth of temporal and spatial complexity in reverse automatic differentiation},
journal = {Optimization Methods and Software},
volume = {1},
number = {1},
pages = {35-54},
year  = {1992},
publisher = {Taylor & Francis},
doi = {10.1080/10556789208805505},

URL = { 
        https://doi.org/10.1080/10556789208805505
    
},
eprint = { 
        https://doi.org/10.1080/10556789208805505
    
}

}

@article{Oerlemans1981,
author = {Oerlemans, J.},
title = {Some basic experiments with a vertically-integrated ice sheet model},
journal = {Tellus},
volume = {33},
number = {1},
pages = {1-11},
doi = {https://doi.org/10.1111/j.2153-3490.1981.tb01726.x},
url = {https://onlinelibrary.wiley.com/doi/abs/10.1111/j.2153-3490.1981.tb01726.x},
eprint = {https://onlinelibrary.wiley.com/doi/pdf/10.1111/j.2153-3490.1981.tb01726.x},
year = {1981}
}
