@string{actamat  = {{Acta Materialia}}}
@string{asr      = {{Adv. Space Res.}}}
@string{anngeo   = {{Ann. Geophys.}}}
@string{annglac  = {{Ann. Glaciol.}}}
@string{arepc    = {{Ann. Rev. Earth Planet. Sci.}}}
@string{amr      = {{Appl. Mech. Rev.}}}
@string{arxiv    = {{ArXiv E-Prints}}}
@string{baas     = {{Bull. Am. Astron. Soc.}}}
@string{bams     = {{Bull. Am. Meteorol. Soc.}}}
@string{bgr      = {{Bull. Glaciol. Res.}}}
@string{canesci  = {{Can. J. Earth Sci.}}}
@string{canjphys = {{Can. J. Phys.}}}
@string{cejg     = {{Cent. Eur. J. Geosci.}}}
@string{cdyn     = {{Clim. Dynam.}}}
@string{cp       = {{Clim. Past}}}
@string{cpd      = {{Clim. Past Discuss.}}}
@string{cc       = {{Clim. Change}}}
@string{crst     = {{Cold Reg. Sci. Technol.}}}
@string{crphys   = {{C. R. Physique}}}
@string{cmatsci  = {{Comp. Mater. Sci.}}}
@string{cscieng  = {{Comput. Sci. Eng.}}}
@string{cmame    = {{Comp. Meths. Appl. Mech. Engrg.}}}
@string{cg       = {{Comput. Geosci.}}}
@string{cmt      = {{Continuum Mech. Thermodyn.}}}
@string{epsl     = {{Earth Planet. Sci. Lett.}}}
@string{espl     = {{Earth Surf. Process. Landf.}}}
@string{esd      = {{Earth Syst. Dynam.}}}
@string{essd     = {{Earth Syst. Sci. Data}}}
@string{erl      = {{Environ. Res. Lett.}}}
@string{eos      = {{Eos Trans. AGU}}}
@string{gammmit  = {{GAMM-Mitt.}}}
@string{geoj     = {{GeoJournal}}}
@string{geomorph = {{Geomorphology}}}
@string{gafd     = {{Geophys. Astrophys. Fluid Dyn.}}}
@string{gji      = {{Geophys. J. Int.}}}
@string{gmd      = {{Geosci. Model Dev.}}}
@string{gmdd     = {{Geosci. Model Dev. Discuss.}}}
@string{gra      = {{Geophys. Res. Abstr.}}}
@string{grl      = {{Geophys. Res. Lett.}}}
@string{gpc      = {{Global Planet. Change}}}
@string{icarus   = {{Icarus}}}
@string{ijnamg   = {{Int. J. Numer. Anal. Meth. Geomech.}}}
@string{intjclim = {{Int. J. Climatol.}}}
@string{intjplas = {{Int. J. Plast.}}}
@string{jappmet  = {{J. Appl. Meteorol.}}}
@string{jclim    = {{J. Climate}}}
@string{jclimat  = {{J. Climatol.}}}
@string{jcp      = {{J. Comput. Phys.}}}
@string{jgr      = {{J. Geophys. Res.}}}
@string{jgrb     = {{J. Geophys. Res. Solid Earth}}}
@string{jgrc     = {{J. Geophys. Res. Oceans}}}
@string{jgrd     = {{J. Geophys. Res. Atmos.}}}
@string{jgre     = {{J. Geophys. Res. Planets}}}
@string{jgrf     = {{J. Geophys. Res. Earth Surf.}}}
@string{jglac    = {{J. Glaciol.}}}
@string{jhydr    = {{J. Hydrol.}}}
@string{jmps     = {{J. Mech. Phys. Solids}}}
@string{jnnfm    = {{J. Non-Newtonian Fluid Mech.}}}
@string{jpcrf    = {{J. Phys. Chem. Ref. Data}}}
@string{jpc      = {{J. Phys. Chem.}}}
@string{jquatsci = {{J. Quaternary Sci.}}}
@string{jrheol   = {{J. Rheol.}}}
@string{lts      = {{Low Temp. Sci.}}}
@string{mmnp     = {{Math. Model. Nat. Phenom.}}}
@string{mmmas    = {{Math. Models Meths. Appl. Sci.}}}
@string{matpr    = {{Math. Prog.}}}
@string{metz     = {{Meteorol. Z.}}}
@string{nature   = {{Nature}}}
@string{natcc    = {{Nat. Clim. Change}}}
@string{natcom   = {{Nat. Commun.}}}
@string{natgeo   = {{Nat. Geosci.}}}
@string{ocmod    = {{Ocean Modell.}}}
@string{palocean = {{Paleoceanogr.}}}
@string{palclim  = {{Paleoclimates}}}
@string{ptrsa    = {{Phil. Trans. R. Soc. A}}}
@string{pss      = {{Planet. Space Sci.}}}
@string{pdj      = {{Polar Data J.}}}
@string{pmg      = {{Polar Meteorol. Glaciol.}}}
@string{polsci   = {{Polar Sci.}}}
@string{pf       = {{Polarforsch.}}}
@string{pamm     = {{Proc. Appl. Math. Mech.}}}
@string{pnatlac  = {{P. Natl. Acad. Sci.}}}
@string{prsa     = {{Proc. R. Soc. A}}}
@string{promet   = {{Promet}}}
@string{qres     = {{Quaternary Res.}}}
@string{qsr      = {{Quaternary Sci. Rev.}}}
@string{revgeo   = {{Rev. Geophys.}}}
@string{science  = {{Science}}}
@string{sciadv   = {{Sci. Adv.}}}
@string{sciencex = {{Sciencexpress}}}
@string{scidrill = {{Sci. Drill.}}}
@string{scrmat   = {{Scripta Materialia}}}
@string{ssr      = {{Space Sci. Rev.}}}
@string{sg       = {{Surv. Geophys.}}}
@string{tellus   = {{Tellus}}}
@string{ternov   = {{Terra Nova}}}
@string{tc       = {{Cryosphere}}}
@string{tcd      = {{Cryosphere Discuss.}}}
@string{tac      = {{Theor. Appl. Climatol.}}}
@string{zamp     = {{Z. angew. Math. Phys.}}}
@string{zgeolw   = {{Z. Geol. Wiss.}}}
@string{zglac    = {{Z. Gletscherk. Glazialgeol.}}}
