@string{actamat  = {{Acta Materialia}}}
@string{asr      = {{Advances in Space Research}}}
@string{anngeo   = {{Annales Geophysicae}}}
@string{annglac  = {{Annals of Glaciology}}}
@string{arepc    = {{Annual Review of Earth and Planetary Sciences}}}
@string{amr      = {{Applied Mechanics Reviews}}}
@string{arxiv    = {{ArXiv E-Prints}}}
@string{baas     = {{Bulletin of the American Astronomical Society}}}
@string{bams     = {{Bulletin of the American Meteorological Society}}}
@string{bgr      = {{Bulletin of Glaciological Research}}}
@string{canesci  = {{Canadian Journal of Earth Sciences}}}
@string{canjphys = {{Canadian Journal of Physics}}}
@string{cejg     = {{Central European Journal of Geosciences}}}
@string{cdyn     = {{Climate Dynamics}}}
@string{cp       = {{Climate of the Past}}}
@string{cpd      = {{Climate of the Past Discussions}}}
@string{cc       = {{Climatic Change}}}
@string{crst     = {{Cold Regions Science and Technology}}}
@string{cee      = {{Communications Earth \& Environment}}}
@string{crphys   = {{Comptes Rendus Physique}}}
@string{cmatsci  = {{Computational Materials Science}}}
@string{cscieng  = {{Computational Science and Engineering}}}
@string{cmame    = {{Computer Methods in Applied Mechanics and Engineering}}}
@string{cg       = {{Computers \& Geosciences}}}
@string{cmt      = {{Continuum Mechanics and Thermodynamics}}}
@string{epsl     = {{Earth and Planetary Science Letters}}}
@string{espl     = {{Earth Surface Processes and Landforms}}}
@string{esd      = {{Earth System Dynamics}}}
@string{essd     = {{Earth System Science Data}}}
@string{erl      = {{Environmental Research Letters}}}
@string{eos      = {{Eos, Transactions, American Geophysical Union}}}
@string{gammmit  = {{GAMM-Mitteilungen}}}
@string{geoj     = {{GeoJournal}}}
@string{geomorph = {{Geomorphology}}}
@string{gafd     = {{Geophysical \& Astrophysical Fluid Dynamics}}}
@string{gji      = {{Geophysical Journal International}}}
@string{gmd      = {{Geoscientific Model Development}}}
@string{gmdd     = {{Geoscientific Model Development Discussions}}}
@string{gra      = {{Geophysical Research Abstracts}}}
@string{grl      = {{Geophysical Research Letters}}}
@string{gpc      = {{Global and Planetary Change}}}
@string{icarus   = {{Icarus}}}
@string{ijnamg   = {{International Journal for Numerical and Analytical Methods in Geomechanics}}}
@string{intjclim = {{International Journal of Climatology}}}
@string{intjplas = {{International Journal of Plasticity}}}
@string{jappmet  = {{Journal of Applied Meteorology}}}
@string{jclim    = {{Journal of Climate}}}
@string{jclimat  = {{Journal of Climatology}}}
@string{jcp      = {{Journal of Computational Physics}}}
@string{jgr      = {{Journal of Geophysical Research}}}
@string{jgrb     = {{Journal of Geophysical Research: Solid Earth}}}
@string{jgrc     = {{Journal of Geophysical Research: Oceans}}}
@string{jgrd     = {{Journal of Geophysical Research: Atmospheres}}}
@string{jgre     = {{Journal of Geophysical Research: Planets}}}
@string{jgrf     = {{Journal of Geophysical Research: Earth Surface}}}
@string{jglac    = {{Journal of Glaciology}}}
@string{jhydr    = {{Journal of Hydrology}}}
@string{jmps     = {{Journal of the Mechanics and Physics of Solids}}}
@string{jnnfm    = {{Journal of Non-Newtonian Fluid Mechanics}}}
@string{jpcrf    = {{Journal of Physical and Chemical Reference Data}}}
@string{jpc      = {{Journal of Physical Chemistry}}}
@string{jquatsci = {{Journal of Quaternary Science}}}
@string{jrheol   = {{Journal of Rheology}}}
@string{lts      = {{Low Temperature Science}}}
@string{mmnp     = {{Mathematical Modelling of Natural Phenomena}}}
@string{mmmas    = {{Mathematical Models and Methods in Applied Sciences}}}
@string{matpr    = {{Mathematical Programming}}}
@string{metz     = {{Meteorologische Zeitschrift}}}
@string{nature   = {{Nature}}}
@string{natcc    = {{Nature Climate Change}}}
@string{natcom   = {{Nature Communications}}}
@string{natgeo   = {{Nature Geoscience}}}
@string{ocmod    = {{Ocean Modelling}}}
@string{palocean = {{Paleoceanography}}}
@string{palclim  = {{Paleoclimates: Data and Modelling}}}
@string{ptrsa    = {{Philosophical Transactions of the Royal Society A}}}
@string{pss      = {{Planetary and Space Science}}}
@string{pdj      = {{Polar Data Journal}}}
@string{pmg      = {{Polar Meteorology and Glaciology}}}
@string{polsci   = {{Polar Science}}}
@string{pf       = {{Polarforschung}}}
@string{pamm     = {{Proceedings in Applied Mathematics and Mechanics}}}
@string{pnatlac  = {{Proceedings of the National Academy of Sciences}}}
@string{prsa     = {{Proceedings of the Royal Society A}}}
@string{promet   = {{Promet}}}
@string{qres     = {{Quaternary Research}}}
@string{qsr      = {{Quaternary Science Reviews}}}
@string{remsens  = {{Remote Sensing}}}
@string{revgeo   = {{Reviews of Geophysics}}}
@string{science  = {{Science}}}
@string{sciadv   = {{Science Advances}}}
@string{sciencex = {{Sciencexpress}}}
@string{scidrill = {{Scientific Drilling}}}
@string{scrmat   = {{Scripta Materialia}}}
@string{ssr      = {{Space Science Reviews}}}
@string{sg       = {{Surveys in Geophysics}}}
@string{tellus   = {{Tellus}}}
@string{ternov   = {{Terra Nova}}}
@string{tc       = {{The Cryosphere}}}
@string{tcd      = {{The Cryosphere Discussions}}}
@string{tac      = {{Theoretical and Applied Climatology}}}
@string{zamp     = {{Zeitschrift f\"{u}r angewandte Mathematik und Physik}}}
@string{zgeolw   = {{Zeitschrift f\"{u}r Geologische Wissenschaften}}}
@string{zglac    = {{Zeitschrift f\"{u}r Gletscherkunde und Glazialgeologie}}}
