@article{bamber_etal_2013a,
  author  = {Bamber, J. L. and Griggs, J. A. and Hurkmans, R. T. W. L.
            and Dowdeswell, J. A. and Gogineni, S. P. and Howat, I.
            and Mouginot, J. and Paden, J. and Palmer, S. and Rignot, E.
            and Steinhage, D.},
  title   = {A new bed elevation dataset for {Greenland}},
  journal = tc,
  volume  = {7},
  number  = {2},
  pages   = {499-510},
  doi     = {10.5194/tc-7-499-2013},
  year    = {2013}
}

@article{bernales_etal_2017,
  author  = {Bernales, J. and Rogozhina, I. and Greve, R.
            and Thomas, M.},
  title   = {Comparison of hybrid schemes for the combination of shallow
            approximations in numerical simulations of the
            {Antarctic Ice Sheet}},
  journal = tc,
  volume  = {11},
  number  = {1},
  pages   = {247-265},
  doi     = {10.5194/tc-11-247-2017},
  year    = {2017}
}

@article{calov_etal_2010,
  author  = {Calov, R. and Greve, R. and Abe-Ouchi, A. and Bueler, E.
            and Huybrechts, P. and Johnson, J. V. and Pattyn, F.
            and Pollard, D. and Ritz, C. and Saito, F. and Tarasov, L.},
  title   = {Results from the {Ice-Sheet Model Intercomparison Project} --
            {Heinrich Event INtercOmparison (ISMIP HEINO)}},
  journal = jglac,
  volume  = {56},
  number  = {197},
  pages   = {371-383},
  doi     = {10.3189/002214310792447789},
  year    = {2010}
}

@article{dunse_etal_2011,
  author  = {Dunse, T. and Greve, R. and Schuler, T. V.
            and Hagen, J. O.},
  title   = {Permanent fast flow versus cyclic surge behaviour:
            numerical simulations of the {Austfonna} ice cap,
            {Svalbard}},
  journal = jglac,
  volume  = {57},
  number  = {202},
  pages   = {247-259},
  doi     = {10.3189/002214311796405979},
  year    = {2011}
}

@inproceedings{greve_2004,
  author    = {Greve, R.},
  title     = {Evolution and dynamics of the {Greenland} ice sheet over
              past glacial-interglacial cycles and in future climate-warming
              scenarios},
  booktitle = {Proceedings of the 5th International Workshop on Global Change:
              Connection to the {Arctic (GCCA5)}},
  publisher = {University of Tsukuba, Japan},
  pages     = {42-45},
  url       = {http://hdl.handle.net/2115/30204},
  year      = {2004}
}

@article{greve_2005,
  author  = {Greve, R.},
  title   = {Relation of measured basal temperatures and the
            spatial distribution of the geothermal heat flux
            for the {Greenland} ice sheet},
  journal = annglac,
  volume  = {42},
  pages   = {424-432},
  doi     = {10.3189/172756405781812510},
  year    = {2005}
}

@misc{greve_2006e,
  author       = {Greve, R.},
  title        = {Large-scale simulation of the {Antarctic} ice sheet over
                 climate cycles},
  howpublished = {Hokkaido University Collection of Scholarly and Academic
                 Papers (HUSCAP)},
  url          = {http://hdl.handle.net/2115/34433},
  year         = {2006}
}

@article{greve_2007b,
  author  = {Greve, R.},
  title   = {The polar ice caps of {Mars}},
  journal = lts,
  volume  = {66},
  pages   = {139-148},
  url     = {http://hdl.handle.net/2115/34722},
  year    = {2007}
}

@article{greve_blatter_2016,
  author  = {Greve, R. and Blatter, H.},
  title   = {Comparison of thermodynamics solvers in the polythermal
            ice sheet model {SICOPOLIS}},
  journal = polsci,
  volume  = {10},
  number  = {1},
  pages   = {11-23},
  doi     = {10.1016/j.polar.2015.12.004},
  year    = {2016}
} 

@article{greve_herzfeld_2013,
  author  = {Greve, R. and Herzfeld, U. C.},
  title   = {Resolution of ice streams and outlet glaciers in large-scale
            simulations of the {Greenland} ice sheet},
  journal = annglac,
  volume  = {54},
  number  = {63},
  pages   = {209-220},
  doi     = {10.3189/2013AoG63A085},
  year    = {2013}
}

@article{greve_otsu_2007-discuss,
  author  = {Greve, R. and Otsu, S.},
  title   = {The effect of the north-east ice stream on the {Greenland}
            ice sheet in changing climates},
  journal = tcd,
  volume  = {1},
  pages   = {41-76},
  doi     = {10.5194/tcd-1-41-2007},
  year    = {2007}
}

@article{greve_etal_1999a,
  author  = {Greve, R. and Wyrwoll, K.-H. and Eisenhauer, A.},
  title   = {Deglaciation of the {Northern Hemisphere} at the onset of the
            {Eemian} and {Holocene}},
  journal = annglac,
  volume  = {28},
  pages   = {1-8},
  doi     = {10.3189/172756499781821643},
  year    = {1999}
}

@article{greve_etal_2017a,
  author  = {Greve, R. and Calov, R. and Herzfeld, U. C.},
  title   = {Projecting the response of the {Greenland} ice sheet
            to future climate change with the ice sheet model
            {SICOPOLIS}},
  journal = lts,
  volume  = {75},
  pages   = {117-129},
  doi     = {10.14943/lowtemsci.75.117},
  year    = {2017}
}

@incollection{nishida_2010,
  author    = {Nishida, Akira},
  title     = {Experience in developing an open source scalable software
              infrastructure in {Japan}},
  booktitle = {Computational Science and Its Applications -- ICCSA 2010},
  editor    = {Taniar, David and Gervasi, Osvaldo and Murgante, Beniamino
              and Pardede, Eric and Apduhan, Bernady O.},
  publisher = {Springer},
  series    = {Lecture Notes in Computer Science 6017},
  address   = {Berlin, Heidelberg},
  pages     = {448-462},
  doi       = {10.1007/978-3-642-12165-4_36},
  year      = {2010}
}

@article{payne_etal_2000,
  author  = {Payne, A. J. and Huybrechts, P. and Abe-Ouchi, A. and Calov, R.
            and Fastook, J. L. and Greve, R. and Marshall, S. J.
            and Marsiat, I. and Ritz, C. and Tarasov, L.
            and Thomassen, M. P. A.},
  title   = {Results from the {EISMINT} model intercomparison: the effects of
            thermomechanical coupling},
  journal = jglac,
  volume  = {46},
  number  = {153},
  pages   = {227-238},
  doi     = {10.3189/172756500781832891},
  year    = {2000}
}

@article{sato_greve_2012,
  author  = {Sato, T. and Greve, R.},
  title   = {Sensitivity experiments for the {Antarctic} ice sheet with
            varied sub-ice-shelf melting rates},
  journal = annglac,
  volume  = {53},
  number  = {60},
  pages   = {221-228},
  doi     = {10.3189/2012AoG60A042},
  year    = {2012}
}
